<record><leader>00000cas a22000007i 4500</leader><controlfield tag="001">862979715</controlfield><controlfield tag="006">m     o  d        </controlfield><controlfield tag="007">cr |n|000|||||</controlfield><controlfield tag="008">860428d18521859wvudn neo     0   a0eng  </controlfield><datafield ind1=" " ind2=" " tag="010"><subfield code="a">  2013271911</subfield></datafield><datafield ind1=" " ind2=" " tag="040"><subfield code="a">Nz</subfield><subfield code="b">eng</subfield><subfield code="e">rda</subfield><subfield code="c">Z5A</subfield><subfield code="d">DLC</subfield><subfield code="d">OCLCF</subfield></datafield><datafield ind1="0" ind2=" " tag="022"><subfield code="a">2333-8598</subfield><subfield code="2">1</subfield></datafield><datafield ind1="0" ind2=" " tag="029"><subfield code="a">NZ1</subfield><subfield code="b">15127804</subfield></datafield><datafield ind1=" " ind2=" " tag="042"><subfield code="a">msc</subfield><subfield code="a">nsdp</subfield></datafield><datafield ind1=" " ind2=" " tag="043"><subfield code="a">n-us-wv</subfield></datafield><datafield ind1="1" ind2="0" tag="050"><subfield code="a">ISSN RECORD</subfield></datafield><datafield ind1="0" ind2="0" tag="082"><subfield code="a">071</subfield><subfield code="2">23</subfield></datafield><datafield ind1="0" ind2=" " tag="130"><subfield code="a">Wheeling daily intelligencer (Wheeling, W. Va. : 1852 : Online)</subfield></datafield><datafield ind1=" " ind2="0" tag="222"><subfield code="a">Wheeling daily intelligencer (Wheeling, W. Va. 1852. Online)</subfield></datafield><datafield ind1="1" ind2="0" tag="245"><subfield code="a">Wheeling daily intelligencer.</subfield></datafield><datafield ind1="1" ind2="3" tag="246"><subfield code="a">Wheeling intelligencer</subfield></datafield><datafield ind1="1" ind2="3" tag="246"><subfield code="a">Daily intelligencer</subfield></datafield><datafield ind1=" " ind2="1" tag="264"><subfield code="a">Wheeling, Va. [W. Va.] :</subfield><subfield code="b">Swearingen &amp; Taylor,</subfield><subfield code="c">1852-1859.</subfield></datafield><datafield ind1=" " ind2=" " tag="300"><subfield code="a">1 online resource</subfield></datafield><datafield ind1=" " ind2=" " tag="310"><subfield code="a">Daily (except Sunday)</subfield></datafield><datafield ind1=" " ind2=" " tag="336"><subfield code="a">text</subfield><subfield code="b">txt</subfield><subfield code="2">rdacontent</subfield></datafield><datafield ind1=" " ind2=" " tag="337"><subfield code="a">computer</subfield><subfield code="b">c</subfield><subfield code="2">rdamedia</subfield></datafield><datafield ind1=" " ind2=" " tag="338"><subfield code="a">online resource</subfield><subfield code="b">cr</subfield><subfield code="2">rdacarrier</subfield></datafield><datafield ind1="1" ind2=" " tag="362"><subfield code="a">Began with volume 1, number 1 (August 24, 1852); ceased with volume 8, number 62 [i.e. 66] (November 11, 1859).</subfield></datafield><datafield ind1=" " ind2=" " tag="500"><subfield code="a">Publishers: Swearingen &amp; Taylor, 1852-1855; Swearingen, Beatty &amp; Co., 1855; Beatty &amp; Co., 1855-1856; A.W. Campbell &amp; John F. McDermot, 1856-.</subfield></datafield><datafield ind1=" " ind2=" " tag="500"><subfield code="a">Issued also in a triweekly edition (non-extant).</subfield></datafield><datafield ind1=" " ind2=" " tag="580"><subfield code="a">Weekly ed.: Wheeling weekly intelligencer, &lt;1853&gt;-1859.</subfield></datafield><datafield ind1=" " ind2=" " tag="588"><subfield code="a">Description based on: Volume 1, number 1 (August 24, 1852); title from masthead</subfield></datafield><datafield ind1=" " ind2=" " tag="588"><subfield code="a">Latest issue consulted: Volume 8, number 62 (November 11, 1859) (Chroniclingamerica.loc.gov, viewed February 19, 2014).</subfield></datafield><datafield ind1=" " ind2="0" tag="651"><subfield code="a">Wheeling (W. Va.)</subfield><subfield code="v">Newspapers.</subfield></datafield><datafield ind1=" " ind2="7" tag="655"><subfield code="a">Newspapers.</subfield><subfield code="2">fast</subfield><subfield code="0">(OCoLC)fst01423814</subfield></datafield><datafield ind1=" " ind2="7" tag="651"><subfield code="a">West Virginia</subfield><subfield code="z">Wheeling.</subfield><subfield code="2">fast</subfield><subfield code="0">(OCoLC)fst01213675</subfield></datafield><datafield ind1=" " ind2=" " tag="752"><subfield code="a">United States</subfield><subfield code="b">West Virginia</subfield><subfield code="c">Ohio</subfield><subfield code="d">Wheeling.</subfield></datafield><datafield ind1="1" ind2=" " tag="775"><subfield code="t">Wheeling weekly intelligencer (Online)</subfield></datafield><datafield ind1="0" ind2="8" tag="776"><subfield code="i">Originally issued in print:</subfield><subfield code="t">Wheeling daily intelligencer (Wheeling, W. Va. : 1852)</subfield><subfield code="x">2333-858X</subfield><subfield code="w">(DLC)sn 86092535</subfield><subfield code="w">(OCoLC)13502329</subfield></datafield><datafield ind1="0" ind2="0" tag="785"><subfield code="t">Daily intelligencer (Wheeling, W. Va. : Online)</subfield></datafield><datafield ind1="4" ind2="0" tag="856"><subfield code="u">http://www.loc.gov/chroniclingamerica/lccn/sn86092535/issues</subfield></datafield></record>